<?xml version="1.0" encoding="UTF-8"?><collection xmlns="http://www.loc.gov/MARC21/slim"><record><leader>00470nam--2200145-i-4500</leader><controlfield tag="001">000019832</controlfield><controlfield tag="002">20161230</controlfield><controlfield tag="005">20161230201033</controlfield><controlfield tag="008">060222s1000------------r-----000-0-eng-d</controlfield><datafield ind1=" " ind2=" " tag="080"><subfield code="a">539.12.04:577.346</subfield></datafield><datafield ind1=" " ind2=" " tag="245"><subfield code="a">Effects of ionizing radiation on dna.physical, chemical and biological </subfield></datafield><datafield ind1=" " ind2=" " tag="260"><subfield code="a">Berlin, Springer-verlag, 1978.  Xxii + 283 P. With 74 Figures</subfield></datafield><datafield ind1=" " ind2=" " tag="490"><subfield code="a">Molecular Biology Biochemistry And Biophysics</subfield></datafield><datafield ind1=" " ind2=" " tag="700"><subfield code="a">Huttermann, J. /S.A.</subfield></datafield><datafield ind1=" " ind2=" " tag="852"><subfield code="a">47886</subfield></datafield></record></collection>